
@misc{HandDetection,
 author = {Victor Dibia},
 title = {Real-time Hand-Detector},
 note = {URL: https://github.com/victordibia/handtracking},
 year = 2020
}

@misc{ASL_dataset,
author = {Akash},
title = {ASL Alphabet},
note = {URL: https://www.kaggle.com/grassknoted/asl-alphabet},
year = 2020
}

@misc{Google_signs,
author={Google AI lab},
title={On-Device, Real-Time Hand Tracking with MediaPipe},
note={URL: https://ai.googleblog.com/2019/08/on-device-real-time-hand-tracking-with.html},
year = 2020
}

@misc{Boston_dynamic_signs,
title={The American Sign Language Lexicon Video Dataset (ASLLVD)},
note={URL: https://www.bu.edu/asllrp/av/dai-asllvd.html},
year=2012
}

@article{Boston_signs_article_1,
author={Carol Neidle, Ashwin Thangali and Stan Sclaroff},
title={Challenges in Development of the American Sign Language Lexicon Video Dataset (ASLLVD) Corpus},
year=2012
}

@article{Boston_signs_article_2,
author={Carol Neidle and Christian Vogler},
title={A New Web Interface to Facilitate Access to Corpora: Development of the ASLLRP Data Access Interface},
year=2012
}

@misc{Jester_dynamic,
author={twentyBN INC.},
title={Gesture recognition using end-to-end learning from a large video database},
note={URL: https://medium.com/twentybn/gesture-recognition-using-end-to-end-learning-from-a-large-video-database-2ecbfb4659ff},
year=2020
}

@misc{Handtrack_dibia,
author={Victor Dibia},
title={How to Build a Real-time Hand-Detector using Neural Networks (SSD) on Tensorflow},
note={URL: https://medium.com/@victor.dibia/how-to-build-a-real-time-hand-detector-using-neural-networks-ssd-on-tensorflow-d6bac0e4b2ce},
year=2017
}